@article{foo2017,
  author = {Foo, Bar},
  title = {Article Title},
  journal = {Journal Title},
  volume = {35},
  number = {3},
  pages = {4-7},
  year = {2017},
  doi = {10.xxx/xxx.xx-xxx-xx-xx-xxx}
}

@article{dosSantos2010,
  author = {Rafael José dos Santos and Eduardo Manchon Arantes},
  title = {Turismo e Dinâmica Cultural em uma Comunidade de Pescadores Artesanais: O Caso do Farol de Santa Marta em Laguna (SC)},
  journal = {Revista Brasileira de Pesquisa em Turismo},
  volume = {1},
  pages = {5-23},
  year = {2010},
  note = {Retrieved June 11, 2024},
  url = {https://www.redalyc.org/articulo.oa?id=504152248002}
}

@article{hines1987,
  author = {J.M. Hines and H.R. Hungerford and A.N. Tomera},
  title = {Analysis and Synthesis of Research on Responsible Environmental Behavior: A Meta-analysis},
  journal = {The Journal of Environmental Education},
  volume = {18},
  number = {2},
  pages = {1-8},
  year = {1987},
  doi = {10.1080/00958964.1987.9943482}
}

@book{western1994,
  author = {David Western and R. Michael Wright},
  title = {Natural Connections: Perspectives in Community-Based Conservation},
  publisher = {Island Press},
  year = {1994}
}

@article{kessler2012,
  author = {Jonah Kessler},
  title = {The Effects of Visuals on Donation Rates in Online Campaigns},
  journal = {Harvard Business Review},
  year = {2012}
}

@online{charitywater,
  title = {Charity: Water},
  note = {Retrieved June, 13 2024 from https://www.charitywater.org}
}

@online{khanacademy,
  title = {Khan Academy},
  note = {Retrieved June 13, 2024 from https://www.khanacademy.org}
}

@online{wwf,
  title = {World Wildlife Fund},
  note = {Retrieved June 13, 2024 from https://www.worldwildlife.org}
}

@online{amnesty,
  title = {Amnesty International},
  note = {Retrieved June 13, 2024 from https://www.amnesty.org}
}

@online{doctorswithoutborders,
  title = {Doctors Without Borders},
  note = {Retrieved June 13, 2024 from https://www.doctorswithoutborders.org}
}

@online{beachcleanbrasil,
  title = {Beach Clean Brasil},
  note = {Retrieved June 13, 2024 from https://www.gov.br/mma/pt-br/acesso-a-informacao/acoes-e-programas/programa-projetos-acoes-obras-atividades/agendaambientalurbana/combate-ao-lixo-no-mar/aplicativos/praia-limpa}
}

@online{ecosurf,
  title = {EcoSurf},
  note = {Retrieved June 13, 2024 from https://www.ecosurf.org}
}

@online{oceana,
  title = {Oceana},
  note = {Retrieved June 13, 2024 from https://www.oceana.org}
}

@manual{django,
  title = {Django Documentation},
  author = {Django Software Foundation},
  year = {2024},
  note = {Retrieved June 13, 2024 from https://www.djangoproject.com}
}

@manual{bootstrap,
  title = {Bootstrap Documentation},
  author = {Bootstrap Authors},
  year = {2024},
  note = {Retrieved June 13, 2024 from https://getbootstrap.com}
}

@manual{sqlite,
  title = {SQLite Documentation},
  author = {SQLite},
  year = {2024},
  note = {Retrieved June 13, 2024 from https://www.sqlite.org}
}

@manual{html5,
  title = {HTML5 Specification},
  author = {W3C},
  year = {2024},
  note = {Retrieved June 13, 2024 from https://www.w3.org/TR/html5/}
}

@manual{css3,
  title = {CSS3 Specification},
  author = {W3C},
  year = {2024},
  note = {Retrieved June 13, 2024 from https://www.w3.org/Style/CSS/Overview.en.html}
}

@manual{javascript,
  title = {JavaScript Guide},
  author = {Mozilla Developer Network (MDN)},
  year = {2024},
  note = {Retrieved June 13, 2024 from https://developer.mozilla.org/en-US/docs/Web/JavaScript/Guide}
}

@manual{mermaid,
  title = {Mermaid.js Documentation},
  author = {Mermaid.js Contributors},
  year = {2024},
  note = {Retrieved June 13, 2024 from https://mermaid-js.github.io}
}

@book{kniberg2010,
  author = {Henrik Kniberg},
  title = {Kanban and Scrum: Making the Most of Both},
  publisher = {Lulu.com},
  year = {2010},
  isbn = {978-0557138326}
}

@manual{monday,
  title = {monday.com: Work OS Documentation},
  author = {monday.com},
  year = {2024},
  note = {Retrieved June 13, 2024 from https://monday.com}
}
